%% This BibTeX bibliography file was created using BibDesk.
%% https://bibdesk.sourceforge.io/

%% Created for kaleidoscope at 2024-05-21 15:54:54 +0800 


%% Saved with string encoding Unicode (UTF-8) 



@book{klenke:2020a,
	author = {Klenke, Achim},
	date-added = {2024-05-21 15:51:49 +0800},
	date-modified = {2024-05-21 15:54:31 +0800},
	doi = {10.1007/978-3-030-56402-5},
	edition = {3},
	isbn = {9783030564025},
	issn = {2191-6675},
	journal = {Universitext},
	publisher = {Springer International Publishing},
	title = {Probability Theory: A Comprehensive Course},
	url = {http://dx.doi.org/10.1007/978-3-030-56402-5},
	year = {2020},
	bdsk-url-1 = {http://dx.doi.org/10.1007/978-3-030-56402-5}}

@book{williams:1991a,
	author = {Williams, David},
	date-added = {2024-05-12 12:58:33 +0800},
	date-modified = {2024-05-12 12:58:33 +0800},
	doi = {10.1017/cbo9780511813658},
	isbn = {9780521406055},
	month = feb,
	publisher = {Cambridge University Press},
	title = {Probability with Martingales},
	url = {http://dx.doi.org/10.1017/CBO9780511813658},
	year = {1991},
	bdsk-url-1 = {http://dx.doi.org/10.1017/CBO9780511813658}}

@book{durrett:2019a,
	author = {Durrett, Rick},
	date-added = {2024-03-17 21:07:43 +0800},
	date-modified = {2024-03-17 21:20:37 +0800},
	doi = {10.1017/9781108591034},
	edition = {5},
	isbn = {9781108473682},
	month = apr,
	publisher = {Cambridge University Press},
	title = {Probability: Theory and Examples},
	url = {http://dx.doi.org/10.1017/9781108591034},
	year = {2019},
	bdsk-url-1 = {http://dx.doi.org/10.1017/9781108591034}}
